<?xml version="1.0" encoding="UTF-8"?><collection xmlns="http://www.loc.gov/MARC21/slim"><record><leader>00483nam--2200169-i-4500</leader><controlfield tag="001">000035814</controlfield><controlfield tag="002">20161230</controlfield><controlfield tag="005">20161230201040</controlfield><controlfield tag="008">060222s1000------------r-----000-0-eng-d</controlfield><datafield ind1=" " ind2=" " tag="040"><subfield code="a">IFIN-HH</subfield></datafield><datafield ind1=" " ind2=" " tag="080"><subfield code="a">539.14</subfield></datafield><datafield ind1="1" ind2=" " tag="100"><subfield code="a">Goosman, David Reeves</subfield></datafield><datafield ind1="1" ind2="0" tag="245"><subfield code="a">Nuclear energy levels of 37k</subfield><subfield code="b">Dissertation</subfield><subfield code="c">Davis reeves goosman</subfield></datafield><datafield ind1=" " ind2=" " tag="260"><subfield code="a">Pasadena, California</subfield><subfield code="b">California Intitute Of Thechnology</subfield><subfield code="c">1967</subfield></datafield><datafield ind1=" " ind2=" " tag="300"><subfield code="a">216P</subfield></datafield><datafield ind1=" " ind2=" " tag="852"><subfield code="a">29267</subfield><subfield code="c">539.14</subfield></datafield><datafield ind1=" " ind2=" " tag="CAT"><subfield code="a">Sys</subfield><subfield code="c">20120327</subfield><subfield code="h">112322</subfield></datafield></record></collection>